@book{book449755fb,
title   = {O direito na história: lições introdutórias},
author = {Lopes, José Reinaldo de Lima},
year = {2000},
publisher = {Max Limonad}
}

@book{cardoso_uma_2008,
	address = {São Paulo, SP},
	title = {Uma introdução à história do design},
	isbn = {978-85-212-0456-5},
	abstract = {O livro tem tudo para desagradar a quem chega ao assunto com idéias formadas, e cabe dizer logo de cara que ele não pretende se esquivar da tarefa de incomodar, pois questionar, subverter e até contrariar as opiniões preconcebidas fazem parte do trabalho do historiador. Quero ressaltar, porém, que o presente livro não tem a menor intenção de ser contencioso. Embora exista certamente quem irá pensar o contrário, não se pretende aqui favorecer nenhum grupo de designers, defender nenhuma facção ou movimento, privilegiar nenhum tipo de prática acima de outras. O design já é um campo prolífico em rixas e sectarismos e este livro tem como propósito maior estimular os designers a tomar consciência do legado histórico que têm em comum. Acima de tudo, espero que as idéias contidas nestas páginas sirvam para agregar forças e não para dispersá-las.},
	language = {pt},
	publisher = {Editora Edgard Blucher Ltda.},
	author = {Cardoso, Rafael},
	year = {2008},
	note = {Google-Books-ID: ENd6PgAACAAJ}
}

@book{bonsiepe_design_2012,
	address = {São Paulo},
	title = {Design como prática do projeto},
	isbn = {978-85-212-0676-7},
	language = {por},
	publisher = {Bluch  er},
	author = {Bonsiepe, Gui},
	year = {2012},
	note = {OCLC: 931620795}
}

@book{bonsiepe_teoria_1993,
	address = {Milano},
	title = {Teoria e pratica del disegno industriale: elementi per una manualistica critica},
	isbn = {978-88-07-42067-2},
	shorttitle = {Teoria e pratica del disegno industriale},
	language = {Italian},
	publisher = {G. Feltrinelli},
	author = {Bonsiepe, Gui},
	year = {1993},
	note = {OCLC: 38100348}
}

@book{bonsiepe_metodologia_1984,
	address = {Brasília, DF},
	title = {Metodologia experimental: desenho industrial},
	shorttitle = {Metodologia experimental},
	publisher = {Conselho Nacional de Desenvolvimento Científico e Tecnológico},
	author = {Bonsiepe, Gui and Kellner, Petra and Poessnecker, Holger},
	year = {1984},
	file = {Bonsiepe et al. - 1984 - Metodologia experimental desenho industrial.pdf:C\:\\Users\\chaia\\Zotero\\storage\\K2CUJ4I8\\Bonsiepe et al. - 1984 - Metodologia experimental desenho industrial.pdf:application/pdf}
}

@book{burdek_design:_2010,
	address = {São Paulo, SP},
	edition = {2°},
	title = {Design: {História}, teoria e prática do design de produtos},
	language = {pt-BR},
	publisher = {Editora Blucher},
	author = {Bürdek, Bernhard E.},
	translator = {Van Camp, Freddy},
	year = {2010},
	file = {Snapshot:C\:\\Users\\chaia\\Zotero\\storage\\7Y78CXTG\\books.html:text/html}
}

@article{mikolov2013efficient,
  title={Efficient estimation of word representations in vector space},
  author={Mikolov, Tomas and Chen, Kai and Corrado, Greg and Dean, Jeffrey},
  journal={arXiv preprint arXiv:1301.3781},
  year={2013}
}

@misc{glossariobacen,
  title = {Glossário Simplificado de Termos Financeiros do Banco Central (Bacen)},
  howpublished = {\url{https://www.bcb.gov.br/content/cidadaniafinanceira/documentos_cidadania/biblioteca/glossario_cidadania_financeira.pdf}},
  author = {Bacen},
  year = {2020},
  note = {Acessado em: 02/12/2020}
}

@misc{gensim,
  title = {Biblioteca Python Gensim},
  howpublished = {\url{https://radimrehurek.com/gensim/models/word2vec.html#gensim.models.word2vec.Word2Vec}},
  author = {Radim Rehurek},
  year = {2020},
  note = {Acessado em: 02/12/2020}
}

@misc{nltk,
  title = {Biblioteca Python NLTK},
  howpublished = {\url{http://www.nltk.org/howto/portuguese_en.html}},
  author = {NLTK},
  year = {2020},
  note = {Acessado em: 02/12/2020}
}

@article{hartmann2017portuguese,
  title={Portuguese word embeddings: Evaluating on word analogies and natural language tasks},
  author={Hartmann, Nathan and Fonseca, Erick and Shulby, Christopher and Treviso, Marcos and Rodrigues, Jessica and Aluisio, Sandra},
  journal={arXiv preprint arXiv:1708.06025},
  year={2017}
}